<?xml version="1.0" encoding="UTF-8"?><record xmlns="http://www.loc.gov/MARC21/slim" xmlns:cinclude="http://apache.org/cocoon/include/1.0" xmlns:zs="http://www.loc.gov/zing/srw/">
  <leader>00606cz  a2200145n  4500</leader>
  <controlfield tag="001">n  98800496 </controlfield>
  <controlfield tag="003">DLC</controlfield>
  <controlfield tag="005">20120809084229.0</controlfield>
  <controlfield tag="008">980217n| acannaab           |a ana      </controlfield>
  <datafield tag="010" ind1=" " ind2=" ">
    <subfield code="a">n  98800496 </subfield>
    <subfield code="z">no 98043369 </subfield>
  </datafield>
  <datafield tag="040" ind1=" " ind2=" ">
    <subfield code="a">DNLM</subfield>
    <subfield code="b">eng</subfield>
    <subfield code="c">DLC</subfield>
    <subfield code="d">DLC</subfield>
  </datafield>
  <datafield tag="111" ind1="2" ind2=" ">
    <subfield code="a">International Thymus Symposium</subfield>
  </datafield>
  <datafield tag="411" ind1="2" ind2=" ">
    <subfield code="a">Thymus Symposium, International</subfield>
  </datafield>
  <datafield tag="667" ind1=" " ind2=" ">
    <subfield code="a">THIS 1XX FIELD CANNOT BE USED UNDER RDA UNTIL THIS RECORD HAS BEEN REVIEWED AND/OR UPDATED</subfield>
  </datafield>
  <datafield tag="670" ind1=" " ind2=" ">
    <subfield code="a">Thymic peptides in preclinical and clinical medicine, c1997:</subfield>
    <subfield code="b">t.p. (2nd International Thymus Symposium, European Academy, Nonneweiler/Germany, May 16-17, 1996)</subfield>
  </datafield>
</record>